<record><leader>00000cas a2200000 a 4500</leader><controlfield tag="001">31360378</controlfield><controlfield tag="007">hd afb---baca</controlfield><controlfield tag="008">941026d18671878ohuir nea     0    0cze c</controlfield><datafield ind1=" " ind2=" " tag="010"><subfield code="a">sn 94056432 </subfield></datafield><datafield ind1=" " ind2=" " tag="040"><subfield code="a">NVG</subfield><subfield code="b">eng</subfield><subfield code="c">NVG</subfield><subfield code="d">OCLCQ</subfield><subfield code="d">OCLCG</subfield><subfield code="d">OCLCQ</subfield><subfield code="d">OCLCA</subfield><subfield code="d">OCLCO</subfield><subfield code="d">OCLCA</subfield><subfield code="d">OCLCF</subfield><subfield code="d">OCLCQ</subfield></datafield><datafield ind1="0" ind2=" " tag="041"><subfield code="a">cze</subfield><subfield code="a">eng</subfield></datafield><datafield ind1=" " ind2=" " tag="042"><subfield code="a">pcc</subfield></datafield><datafield ind1=" " ind2=" " tag="043"><subfield code="a">n-us---</subfield></datafield><datafield ind1=" " ind2="4" tag="050"><subfield code="a">AP53</subfield><subfield code="b">.P657</subfield></datafield><datafield ind1="0" ind2=" " tag="130"><subfield code="a">Pokrok (Chicago, Ill.)</subfield></datafield><datafield ind1="1" ind2="0" tag="245"><subfield code="a">Pokrok.</subfield></datafield><datafield ind1=" " ind2=" " tag="260"><subfield code="a">Cleveland, Ohio :</subfield><subfield code="b">Bohemian Print. Co.</subfield></datafield><datafield ind1=" " ind2=" " tag="300"><subfield code="a">volumes</subfield></datafield><datafield ind1=" " ind2=" " tag="310"><subfield code="a">Triweekly,</subfield><subfield code="b">&lt;1873&gt;-1878</subfield></datafield><datafield ind1=" " ind2=" " tag="321"><subfield code="a">Weekly,</subfield><subfield code="b">&lt;1867-1872&gt;</subfield></datafield><datafield ind1=" " ind2=" " tag="336"><subfield code="a">text</subfield><subfield code="b">txt</subfield><subfield code="2">rdacontent</subfield></datafield><datafield ind1=" " ind2=" " tag="337"><subfield code="a">microform</subfield><subfield code="b">h</subfield><subfield code="2">rdamedia</subfield></datafield><datafield ind1="1" ind2=" " tag="362"><subfield code="a">Began in 1867; ceased in 1878.</subfield></datafield><datafield ind1=" " ind2=" " tag="500"><subfield code="a">Editor: Va&#769;clav S&#780;najdr.</subfield></datafield><datafield ind1=" " ind2=" " tag="500"><subfield code="a">Published at Chicago, Ill., 1867; at Racine, Wis., 1867-1869; at Cedar Rapids, Iowa, 1869-1871; and Cleveland, Ohio, 1871-1878.</subfield></datafield><datafield ind1=" " ind2=" " tag="546"><subfield code="a">Chiefly in Czech with some English.</subfield></datafield><datafield ind1=" " ind2=" " tag="588"><subfield code="a">Description based on: Roc&#780;. 8, c&#780;i&#769;s. 25 (15 srp. 1874).</subfield></datafield><datafield ind1=" " ind2="0" tag="650"><subfield code="a">Czech American newspapers.</subfield></datafield><datafield ind1=" " ind2="0" tag="650"><subfield code="a">Czechs</subfield><subfield code="z">United States</subfield><subfield code="v">Newspapers.</subfield></datafield><datafield ind1=" " ind2="7" tag="650"><subfield code="a">Czech-American newspapers.</subfield><subfield code="2">fast</subfield><subfield code="0">(OCoLC)fst00886452</subfield></datafield><datafield ind1=" " ind2="7" tag="650"><subfield code="a">Czechs.</subfield><subfield code="2">fast</subfield><subfield code="0">(OCoLC)fst00886455</subfield></datafield><datafield ind1=" " ind2="7" tag="651"><subfield code="a">United States.</subfield><subfield code="2">fast</subfield><subfield code="0">(OCoLC)fst01204155</subfield></datafield><datafield ind1=" " ind2="7" tag="655"><subfield code="a">Newspapers.</subfield><subfield code="2">fast</subfield><subfield code="0">(OCoLC)fst01423814</subfield></datafield><datafield ind1="1" ind2=" " tag="700"><subfield code="a">S&#780;najdr, Va&#769;clav,</subfield><subfield code="d">1847-1920.</subfield></datafield><datafield ind1=" " ind2=" " tag="752"><subfield code="a">United States</subfield><subfield code="b">Ohio</subfield><subfield code="c">Cuyahoga</subfield><subfield code="d">Cleveland.</subfield></datafield><datafield ind1="1" ind2=" " tag="776"><subfield code="c">Original</subfield><subfield code="w">(DLC)sn 83035546</subfield></datafield><datafield ind1="0" ind2="4" tag="785"><subfield code="t">Dennice novove&#780;ku</subfield><subfield code="w">(DLC)sn 94056433</subfield></datafield><datafield ind1="1" ind2=" " tag="029"><subfield code="a">AU@</subfield><subfield code="b">000011369184</subfield></datafield></record>